@article{Szegedy2014,
    author  = "Szegedy, C. and Zaremba, W. and Sutskever, I. and Bruna, J. and Erhan, D. and Goodfellow, I. J. and Fergus, R.",
    title   = "Intriguing properties of neural networks.",
    year    = "2014",
    journal = "ICLR",
}

@article{genAdvNets,
    author  = "Goodfellow, I. J. and Pouget-Abadie, J. and Mirza, M. and Xu, B. and Warde-Farley, D. and Ozair, S. and Courville, A. and Bengio, Y.",
    title   = "Generative Adversarial Nets.",
    year    = "2014",
    journal = "Technical Report arXiv:1406.2661",
}