
@article{drummond_replicability_2009,
	title = {Replicability is not reproducibility: nor is it good science},
	shorttitle = {Replicability is not reproducibility},
	url = {http://cogprints.org/7691/},
	urldate = {2014-12-06},
	author = {Drummond, Chris},
	year = {2009},
	file = {replicability_is_not_reproducibility.pdf:/home/shiva/.zotero/zotero/sbmof7uv.default/zotero/storage/GMAVS2QD/replicability_is_not_reproducibility.pdf:application/pdf}
}

@article{dantzig_discrete-variable_1957,
	title = {Discrete-Variable Extremum Problems,},
	volume = {5},
	doi = {10.1287/opre.5.2.266},
	number = {2},
	journal = {Operations Research},
	author = {Dantzig, George B},
	year = {1957}
}

@article{wolpert_lack_1996,
	title = {The lack of a priori distinctions between learning algorithms},
	volume = {8},
	url = {http://www.mitpressjournals.org/doi/abs/10.1162/neco.1996.8.7.1341},
	number = {7},
	urldate = {2014-12-06},
	journal = {Neural computation},
	author = {Wolpert, David H.},
	year = {1996},
	pages = {1341--1390},
	file = {lack_of_a_priori_distinctions_wolpert.pdf:/home/shiva/.zotero/zotero/sbmof7uv.default/zotero/storage/KB37VCB3/lack_of_a_priori_distinctions_wolpert.pdf:application/pdf}
}

@article{hand_classifier_2006,
	title = {Classifier Technology and the Illusion of Progress},
	volume = {21},
	issn = {0883-4237},
	url = {http://projecteuclid.org/Dienst/getRecord?id=euclid.ss/1149600839/},
	doi = {10.1214/088342306000000060},
	language = {en},
	number = {1},
	urldate = {2014-12-06},
	journal = {Statistical Science},
	author = {Hand, David J.},
	month = feb,
	year = {2006},
	pages = {1--14},
	file = {algorithms_matter_less.pdf:/home/shiva/.zotero/zotero/sbmof7uv.default/zotero/storage/3THB4432/algorithms_matter_less.pdf:application/pdf}
}

@inproceedings{goodfellow_generative_2014,
	title = {Generative adversarial nets},
	url = {http://papers.nips.cc/paper/5423-generative-adversarial-nets},
	urldate = {2014-12-06},
	booktitle = {Advances in Neural Information Processing Systems},
	author = {Goodfellow, Ian and Pouget-Abadie, Jean and Mirza, Mehdi and Xu, Bing and Warde-Farley, David and Ozair, Sherjil and Courville, Aaron and Bengio, Yoshua},
	year = {2014},
	pages = {2672--2680},
	file = {generative-adversarial-nets.pdf:/home/shiva/.zotero/zotero/sbmof7uv.default/zotero/storage/SUA9R6FU/generative-adversarial-nets.pdf:application/pdf}
}

@article{goodfellow_multi-digit_2013,
	title = {Multi-digit Number Recognition from Street View},
	author = {Goodfellow, Ian J and Bulatov, Yaroslav and Ibarz, Julian and Arnoud, Sacha and Vinay, Sacha},
	year = {2013}
}

@article{vanderbeck_extending_2002,
	title = {Extending Dantzig's bound to the bounded multiple-class binary Knapsack problem},
	volume = {94},
	issn = {0025-5610, 1436-4646},
	url = {http://link.springer.com/10.1007/s10107-002-0300-7},
	doi = {10.1007/s10107-002-0300-7},
	number = {1},
	urldate = {2014-12-06},
	journal = {Mathematical Programming},
	author = {Vanderbeck, Francois},
	month = dec,
	year = {2002},
	pages = {125--136},
	file = {bounded_multiclass_knapsack.pdf:/home/shiva/.zotero/zotero/sbmof7uv.default/zotero/storage/7VPED5XT/bounded_multiclass_knapsack.pdf:application/pdf}
}

@article{hand_classifier_2006-1,
	title = {Classifier Technology and the Illusion of Progress},
	volume = {21},
	issn = {0883-4237},
	url = {http://projecteuclid.org/Dienst/getRecord?id=euclid.ss/1149600839/},
	doi = {10.1214/088342306000000060},
	language = {en},
	number = {1},
	urldate = {2014-12-06},
	journal = {Statistical Science},
	author = {Hand, David J.},
	month = feb,
	year = {2006},
	pages = {1--14},
	file = {algorithms_matter_less.pdf:/home/shiva/.zotero/zotero/sbmof7uv.default/zotero/storage/SPDB4WCW/algorithms_matter_less.pdf:application/pdf}
}

@article{johnston_netflix_2012,
	title = {Netflix Never Used Its \$1 Million Algorithm Due To Engineering Costs},
	url = {http://www.wired.com/2012/04/netflix-prize-costs/},
	urldate = {2014-05-12},
	journal = {Wired},
	author = {Johnston, Casey},
	year = {2012}
}

@article{domingos_role_1999,
	title = {The role of Occam's razor in knowledge discovery},
	volume = {3},
	url = {http://link.springer.com/article/10.1023/A:1009868929893},
	number = {4},
	urldate = {2014-12-06},
	journal = {Data mining and knowledge discovery},
	author = {Domingos, Pedro},
	year = {1999},
	pages = {409--425},
	file = {simplicity_occam.pdf:/home/shiva/.zotero/zotero/sbmof7uv.default/zotero/storage/VRUMZRT8/simplicity_occam.pdf:application/pdf}
}

@article{lecun_mnist_1998,
	title = {The mnist database of handwritten digits},
	author = {Lecun, Yann and Cortes, Corinna},
	year = {1998}
}

@article{wang_gabor_2005,
	title = {Gabor filters-based feature extraction for character recognition},
	volume = {38},
	issn = {00313203},
	url = {http://linkinghub.elsevier.com/retrieve/pii/S0031320304003012},
	doi = {10.1016/j.patcog.2004.08.004},
	language = {en},
	number = {3},
	urldate = {2014-12-06},
	journal = {Pattern Recognition},
	author = {Wang, Xuewen and Ding, Xiaoqing and Liu, Changsong},
	month = mar,
	year = {2005},
	pages = {369--379},
	file = {gabor_filters_based_feature_extration_OCR.pdf:/home/shiva/.zotero/zotero/sbmof7uv.default/zotero/storage/KFA8GX55/gabor_filters_based_feature_extration_OCR.pdf:application/pdf}
}

@article{vinyals_show_2014,
	title = {Show and Tell: A Neural Image Caption Generator},
	shorttitle = {Show and Tell},
	url = {http://arxiv.org/abs/1411.4555},
	urldate = {2014-12-06},
	journal = {{arXiv} preprint {arXiv}:1411.4555},
	author = {Vinyals, Oriol and Toshev, Alexander and Bengio, Samy and Erhan, Dumitru},
	year = {2014},
	file = {show_and_tell.pdf:/home/shiva/.zotero/zotero/sbmof7uv.default/zotero/storage/KU4HPWFJ/show_and_tell.pdf:application/pdf}
}

@article{maji_fast_2009,
	title = {Fast and accurate digit classification},
	url = {http://www.eecs.berkeley.edu/Pubs/TechRpts/2009/EECS-2009-159.pdf},
	urldate = {2014-12-06},
	journal = {{EECS} Department, University of California, Berkeley, Tech. Rep. {UCB}/{EECS}-2009-159},
	author = {Maji, Subhransu and Malik, Jitendra},
	year = {2009},
	file = {fast_accurate_digit_classification.pdf:/home/shiva/.zotero/zotero/sbmof7uv.default/zotero/storage/8W94AHNF/fast_accurate_digit_classification.pdf:application/pdf}
}

@article{ruping_learning_2006,
	title = {Learning interpretable models},
	url = {https://eldorado.uni-dortmund.de/handle/2003/23008},
	urldate = {2014-12-06},
	author = {Rüping, Stefan and {others}},
	year = {2006},
	file = {dissertation_rueping.pdf:/home/shiva/.zotero/zotero/sbmof7uv.default/zotero/storage/CKAMQ462/dissertation_rueping.pdf:application/pdf}
}

@article{wu_handwritten_2010,
	title = {Handwritten digit classification using the {MNIST} data set},
	url = {http://www.stt.msu.edu/~zhangz19/index.files/files/cse802report.pdf},
	urldate = {2014-12-06},
	journal = {Course project {CSE}802: Pattern Classification \& Analysis},
	author = {Wu, Ming and Zhang, Zhen},
	year = {2010},
	file = {cse802report-libre.pdf:/home/shiva/.zotero/zotero/sbmof7uv.default/zotero/storage/EBHS628K/cse802report-libre.pdf:application/pdf}
}

@article{domingos_few_2012,
	title = {A few useful things to know about machine learning},
	volume = {55},
	url = {http://dl.acm.org/citation.cfm?id=2347755},
	number = {10},
	urldate = {2014-12-06},
	journal = {Communications of the {ACM}},
	author = {Domingos, Pedro},
	year = {2012},
	pages = {78--87},
	file = {A_few_useful_things_to_know_about_ML.pdf:/home/shiva/.zotero/zotero/sbmof7uv.default/zotero/storage/79DBZTZT/A_few_useful_things_to_know_about_ML.pdf:application/pdf}
}

@article{szegedy_intriguing_2013,
	title = {Intriguing properties of neural networks},
	url = {http://arxiv.org/abs/1312.6199},
	urldate = {2014-12-06},
	journal = {{arXiv} preprint {arXiv}:1312.6199},
	author = {Szegedy, Christian and Zaremba, Wojciech and Sutskever, Ilya and Bruna, Joan and Erhan, Dumitru and Goodfellow, Ian and Fergus, Rob},
	year = {2013},
	file = {intriguing_properties_neural_networks.pdf:/home/shiva/.zotero/zotero/sbmof7uv.default/zotero/storage/3QV479GZ/intriguing_properties_neural_networks.pdf:application/pdf}
}

@article{halevy_unreasonable_2009,
	title = {The unreasonable effectiveness of data},
	volume = {24},
	url = {http://ieeexplore.ieee.org/xpls/abs_all.jsp?arnumber=4804817},
	number = {2},
	urldate = {2014-12-06},
	journal = {Intelligent Systems, {IEEE}},
	author = {Halevy, Alon and Norvig, Peter and Pereira, Fernando},
	year = {2009},
	pages = {8--12},
	file = {Unreasonable_effectiveness_of_data.pdf:/home/shiva/.zotero/zotero/sbmof7uv.default/zotero/storage/9CRRKHP2/Unreasonable_effectiveness_of_data.pdf:application/pdf}
}

@inproceedings{meier_better_2011,
	title = {Better digit recognition with a committee of simple neural nets},
	url = {http://ieeexplore.ieee.org/xpls/abs_all.jsp?arnumber=6065510},
	urldate = {2014-12-06},
	booktitle = {Document Analysis and Recognition ({ICDAR}), 2011 International Conference on},
	publisher = {{IEEE}},
	author = {Meier, Ueli and Ciresan, Dan Claudiu and Gambardella, Luca Maria and Schmidhuber, Jürgen},
	year = {2011},
	pages = {1250--1254},
	file = {better_digit_recognition_commity_simple_NN.pdf:/home/shiva/.zotero/zotero/sbmof7uv.default/zotero/storage/8EHKZ2AW/better_digit_recognition_commity_simple_NN.pdf:application/pdf}
}